
@article{zellner1985,
  title={The eight-color asteroid survey: Results for 589 minor planets},
  author={B. Zellner and Tholen, D.~J. and Tedesco, E.~F.},
  journal={Icarus},
  volume={61},
  pages={355-416},
  year={1985},
}

@inproceedings{zellner1973,
  title={Polarimetric Albedos of Asteroids},
  author={Zellner, B.},
  journal={Bulletin of the American Astronomical Society},
  volume={5},
  pages={388},
  year={1973}
}

@article{yurimoto2011,
  title={Oxygen isotopic compositions of asteroidal materials returned from Itokawa by the Hayabusa mission},
  author={Yurimoto, H. and Abe, Ken-ichi and Abe, Masanao and Ebihara, Mitsuru and Fujimura, Akio and Hashiguchi, Minako and Hashizume, Ko and Ireland, Trevor R and Itoh, Shoichi and Katayama, Juri and others},
  journal={Science},
  volume={333},
  number={6046},
  pages={1116--1119},
  year={2011},
  publisher={American Association for the Advancement of Science}
}

@ARTICLE{yoshida2007,
   author = {{Yoshida}, F. and {Nakamura}, T.},
    title = "{Subaru Main Belt Asteroid Survey (SMBAS)--Size and color distributions of small main-belt asteroids}",
  journal = {Planetary and Space Science},
     year = 2007,
    month = jun,
   volume = 55,
    pages = {1113-1125},
      doi = {10.1016/j.pss.2006.11.016},
   adsurl = {http://ads.nao.ac.jp/abs/2007P%26SS...55.1113Y},
  adsnote = {Provided by the SAO/NASA Astrophysics Data System}
}

@inproceedings{yoshikawa2002,
  title={Orbital evolution of the MUSES-C mission target:(25143) 1998 SF36},
  author={Yoshikawa, M.},
  booktitle={Asteroids, Comets, and Meteors: ACM 2002},
  volume={500},
  pages={331--333},
  year={2002}
}

@article{yano2006,
  title={Touchdown of the Hayabusa spacecraft at the Muses Sea on Itokawa},
  author={Yano, H. and Kubota, T and Miyamoto, H and Okada, T and Scheeres, D},
  journal={Science},
  volume={312},
  pages={1350-1353},
  year={2006},
  doi={10.1126/science.1126164},
  url={http://dx.doi.org/10.1126/science.1126164}
}

@article{yeomans1997,
  title={Estimating the mass of asteroid 253 mathilde from tracking data during the {NEAR} flyby},
  author={Yeomans, {D.~K.} and Barriot and Dunham, {DW} and Farquhar, {RW} and Giorgini, {JD} and Helfrich, {CE} and Konopliv, {AS} and {McAdams,} {JV} and Miller, {JK} and Owen, {WM} and Scheeres, {DJ} and Synnott, {SP} and Williams, {BG}},
  journal={Science},
  volume={278},
  number={5346},
  pages={2106-2109},
  year={1997}
}

@article{yamada2016,
title = "Timescale of asteroid resurfacing by regolith convection resulting from the impact-induced global seismic shaking ",
journal = "Icarus",
volume = "272",
pages = "165 - 177",
year = "2016",
issn = "0019-1035",
doi = "http://dx.doi.org/10.1016/j.icarus.2016.02.032",
url = "http://www.sciencedirect.com/science/article/pii/S001910351600110X",
author = "Tomoya M. Yamada and Kousuke Ando and Tomokatsu Morota and Hiroaki Katsuragi"
}



@ARTICLE{yamamoto2006,
   author = {{Yamamoto}, S. and {Wada}, K. and {Okabe}, N. and {Matsui}, T.
	},
    title = "{Transient crater growth in granular targets: An experimental study of low velocity impacts into glass sphere targets}",
  journal = {Icarus},
     year = 2006,
   volume = 183,
    pages = {215-224},
      doi = {10.1016/j.icarus.2006.02.002},
   adsurl = {http://adsabs.harvard.edu/abs/2006Icar..183..215Y},
  adsnote = {Provided by the SAO/NASA Astrophysics Data System}
}

@article{yamada1999,
  title={Simulation of space weathering of planet-forming materials: Nanosecond pulse laser irradiation and proton implantation on olivine and pyroxene samples},
  author={Yamada, M. and Sasaki, Sho and Nagahara, Hiroko and Fujiwara, Akira and Hasegawa, Sunao and Yano, Hajime and Hiroi, Takahiro and Ohashi, Hideo and Otake, Hisashi},
  journal={Earth, planets and space},
  volume={51},
  number={11},
  pages={1255--1265},
  year={1999},
  publisher={Springer}
}

@article{xu1995,
  title={Small main-belt asteroid spectroscopic survey: Initial results},
  author={Xu, S. and Binzel, {R.~P.} and Burbine, {T.~H.} and Bus, {S.~J.}},
  journal={Icarus},
  volume={115},
  pages={1--35},
  year={1995}
}

@article{crater1978,
  title={Standard techniques for presentation and analysis of crater size-frequency data},
  author={{CRATER ANALYSIS TECHNIQUES WORKING GROUP}},
  journal={Icarus},
  volume={37},
  pages={467-474},
  year={1978}
}

@article{williams1994,
  title={Size distribution of collisionally evolved asteroidal populations: Analytical solution for self-similar collision cascades},
  author={{D.~R.} Williams and {G.~W.} Wetherill},
  journal={Icarus},
  volume={107},
  pages={117-128},
  year={1994},
}

@article {wanke1988,
	author = {Wanke, H. and Dreibus, G.},
	title = {Chemical Composition and Accretion History of Terrestrial Planets},
	volume = {325},
	number = {1587},
	pages = {545--557},
	year = {1988},
	doi = {10.1098/rsta.1988.0067},
	publisher = {The Royal Society},
	issn = {0080-4614},
	URL = {http://rsta.royalsocietypublishing.org/content/325/1587/545},
	eprint = {http://rsta.royalsocietypublishing.org/content/325/1587/545.full.pdf},
	journal = {Philosophical Transactions of the Royal Society of London A: Mathematical, Physical and Engineering Sciences}
}

@article{walsh2011,
  title={A low mass for Mars from Jupiter/'s early gas-driven migration},
  author={Walsh, K.~J. and Morbidelli, Alessandro and Raymond, Sean N and O'Brien, David P and Mandell, Avi M},
  journal={Nature},
  volume={475},
  number={7355},
  pages={206--209},
  year={2011},
  publisher={Nature Publishing Group}
}

@article{walsh2008,
  title={Rotational breakup as the origin of small binary asteroids},
  author={Walsh, K.~J. and Richardson, D.~C. and Michel, P.},
  journal={Nature},
  volume={454},
  number={7201},
  pages={188--191},
  year={2008},
  publisher={Nature Publishing Group}
}

@ARTICLE{wada2006,
   author = {{Wada}, K. and {Senshu}, H. and {Matsui}, T.},
    title = "{Numerical simulation of impact cratering on granular material}",
  journal = {Icarus},
     year = 2006,
    month = feb,
   volume = 180,
    pages = {528-545},
      doi = {10.1016/j.icarus.2005.10.002}
}

@article{vokrouhlicky1998,
  title={Diurnal Yarkovsky effect as a source of mobility of meter-sized asteroidal fragments. I. Linear theory},
  author={Vokrouhlicky, D.},
  journal={Astronomy and Astrophysics},
  volume={335},
  pages={1093--1100},
  year={1998}
}

@article{vincent2012,
  title={Physical properties of craters on asteroid (21) Lutetia},
  author={Vincent, J. and Besse, Sebastien and Marchi, Simone and Sierks, Holger and Massironi, Matteo and OSIRIS Team and others},
  journal={Planetary and Space Science},
  volume={66},
  number={1},
  pages={79--86},
  year={2012},
  publisher={Elsevier}
}

@misc{vilas,
title={Vilas Asteroid Spectra V1.1. EAR-A-3-RDR-VILAS-ASTEROID-SPECTRA-V1.1},
author={F. Vilas and Smith, B.A. and McFadden, L.A. and Gaffey, M.J. and Larson, S.M. and Hatch, E.C. and Jarvis, K.S.},
howpublished={NASA Planetary Data System},
year={1998}
}

@misc{24-color,
author={C.~R. Chapman and Gaffey, M. and McFadden, L.},
title={24-color Asteroid Survey. EAR-A-DBP-3-RDR-24COLOR-V2.1},
howpublished= {NASA Planetary Data System}, 
year={1993}
}

@misc{52-color,
author={J.~F. Bell and Owensby, P.D. and Hawke, B.R. and Brown, R.H. and Cruikshank, D. and Hartmann, W.K.},
title={52-color Asteroid Survey. EAR-A-RDR-3-52COLOR-V2.1},
howpublished={NASA Planetary Data System}, 
year={1995}
}

@misc{ecas,
author={B. Zellner and Tholen, D.~J. and Tedesco, E.~F.},
title={Eight Color Asteroid Survey. EAR-A-2CP-3-RDR-ECAS-V4.0},
howpublished={NASA Planetary Data System},
year={2009}
}

@misc{smass,
author={S. Xu and R.~P. Binzel and T.~H. Burbine and S.~J. Bus},
title={Small Main-Belt Asteroid Survey. EAR-A-M3SPEC-3-RDR-SMASS-V2.1},
howpublished={NASA Planetary Data System}, 
year={1996}
}

@misc{smass2,
author={S. Bus and Binzel, R.~P.}, 
title={Small Main-belt Asteroid Spectroscopic Survey, Phase II. EAR-A-I0028-4-SBN0001/SMASSII-V1.0},
howpublished={NASA Planetary Data System}, 
year={2003}
}

@misc{sdss,
author={P.~H. Hasselmann and Carvano, J.~M. and Lazzaro, D.}, 
title={SDSS-based Asteroid Taxonomy V1.1. EAR-A-I0035-5-SDSSTAX-V1.1} ,
howpublished={NASA Planetary Data System},
year={2012}
}

@misc{amica,
author={Saito, J. and Nakamura, T. and Akiyama, H. and Demura, H. and Dermawan, B. and Furuya, M. and Fuse, T. and Gaskell, R. and Hashimoto, T. and Higuchi, Y. and  Hiraoka, K. and Hirata, N. and Honda, C. and Honda, T. and Ishiguro, M. and Kitazato, K. and Kobayashi, S. and Kubota, T. and Matsumoto, N. and Michikami, T. and Miyamoto, H. and Nakamura, A. and Nakamura, R. and Nemoto, E. and Sasaki, S. and Shinohara, C. and Smith, P. and Sogame, A. and Terazono, J. and Tholen, D. and Yamamoto, A. and Yokota, Y. and Yoshida, F. and Yukishita, A.},
title={Hayabusa AMICA V1.0. HAY-A-AMICA-3-HAYAMICA-V1.0.},
howpublished={NASA Planetary Data System},
year={2010}
}

@article{willman2008,
author={M. Willman and R. Jedicke and D. Nesvorn\'{y} and N. Moskovitz and Z. Ivezic and R. Fevig},
title={Redetermination of the space weathering rate using spectra of Iannini asteroid family members},
journal={Icarus},
volume={195},
pages={663--673},
year={2008}
} 

@article{veverka2001,
  title={Imaging of {Small-Scale} Features on 433 Eros from {NEAR:} Evidence for a Complex Regolith},
  author={J. Veverka and P.~C. Thomas and M Robinson and S Murchie and C Chapman and M Bell and A Harch and W J Merline and J F Bell and B Bussey and B Carcich and A Cheng and B Clark and D Domingue and D Dunham and R Farquhar and M J Gaffey and E Hawkins and N Izenberg and J Joseph and R Kirk and H Li and P Lucey and M Malin and L {McFadden} and J K Miller and W M Owen and C Peterson and L Prockter and J Warren and D Wellnitz and B G Williams and D K Yeomans},
  journal={Science},
  volume={292},
  number={5516},
  pages={484-488},
  year={2001},
  doi={10.1126/science.1058651},
  url={http://dx.doi.org/10.1126/science.1058651}
}

@article{veverka2000,
  title={NEAR at Eros: Imaging and spectral results},
  author={Veverka, J. and Robinson, M and Thomas, P and Murchie, S and Bell, JF and Izenberg, N and Chapman, C and Harch, A and Bell, M and Carcich, B and others},
  journal={Science},
  volume={289},
  number={5487},
  pages={2088--2097},
  year={2000},
  publisher={American Association for the Advancement of Science}
}

@article{veverka1999,
  title={NEAR encounter with asteroid 253 Mathilde: overview},
  author={Veverka, J. and Thomas, P and Harch, A and Clark, B and Bell, JF and Carcich, B and Joseph, J and Murchie, S and Izenberg, N and Chapman, C and others},
  journal={Icarus},
  volume={140},
  number={1},
  pages={3--16},
  year={1999},
  publisher={Elsevier}
}

@article{vernazza2009,
  title={Solar wind as the origin of rapid reddening of asteroid surfaces},
  author={P. Vernazza and R.~P. Binzel and A. Rossi and M. Fulchignoni and M. Birlan},
  journal={Nature},
  volume={458},
  number={7241},
  pages={993--995},
  year={2009},
  doi={10.1038/nature07956},
  url={http://dx.doi.org/10.1038/nature07956}
}

@inproceedings{turner1978,
  title={The early history of chondrite parent bodies inferred from Ar-40-Ar-39 ages},
  author={Turner, G. and Enright, M.~C. and Cadogan, P.~H.},
  booktitle={Lunar. Planet. Sci. Conf},
  volume={9},
  pages={989--1025},
  year={1978}
}

@article{tsuchiyama2014,
  title={Three‐dimensional microstructure of samples recovered from asteroid 25143 Itokawa: Comparison with {LL5} and {LL6} chondrite particles},
  author={A. Tsuchiyama and Masayuki Uesugi and Kentaro Uesugi and Tsukasa Nakano and Ryo Noguchi and Toru Matsumoto and Junya Matsuno and Takashi Nagano and Yuta Imai and Akira Shimada and Akihisa Takeuchi and Yoshio Suzuki and Tomoki Nakamura and Takaaki Noguchi and Masanao Abe and Toru Yada and Akio Fujimura},
  journal={Meteoritics \& Planetary Science},
  volume={49},
  number={2},
  pages={172-187},
  year={2014},
  doi={10.1111/maps.12177},
  url={http://dx.doi.org/10.1111/maps.12177}
}

@article{tsuchiyama2013,
  title={Analytical dual-energy microtomography: a new method for obtaining three-dimensional mineral phase images and its application to Hayabusa samples},
  author={Tsuchiyama, A. and Nakano, T and Uesugi, K and Uesugi, M and Takeuchi, A and Suzuki, Y and Noguchi, R and Matsumoto, T and Matsuno, J and Nagano, T and others},
  journal={Geochimica et Cosmochimica Acta},
  volume={116},
  pages={5--16},
  year={2013},
  publisher={Elsevier}
}


@article{tsuchiyama2011,
  title={Three-dimensional structure of Hayabusa samples: origin and evolution of Itokawa regolith.},
  author={Tsuchiyama, A. and Uesugi, Masayuki and Matsushima, Takashi and Michikami, Tatsuhiro and Kadono, Toshihiko and Nakamura, Tomoki and Uesugi, Kentaro and Nakano, Tsukasa and Sandford, Scott A and Noguchi, Ryo and Matsumoto, Toru and Matsuno, Junya and Nagano, Takashi and Imai, Yuta and Takeuchi, Akihisa and Suzuki, Yoshio and Ogami, Toshihiro and Katagiri, Jun and Ebihara, Mitsuru and Ireland, Trevor R and Kitajima, Fumio and Nagao, Keisuke and Naraoka, Hiroshi and Noguchi, Takaaki and Okazaki, Ryuji and Yurimoto, Hisayoshi and Zolensky, Michael E and Mukai, Toshifumi and Abe, Masanao and Yada, Toru and Fujimura, Akio and Yoshikawa, Makoto and Kawaguchi, Junichiro},
  journal={Science},
  volume={333},
  number={6046},
  pages={1125-1128},
  year={2011},
  doi={10.1126/science.1207807},
  url={http://dx.doi.org/10.1126/science.1207807}
}

@article{tsiganis2005,
  title={Origin of the orbital architecture of the giant planets of the Solar System},
  author={Tsiganis, K. and Gomes, R. and Morbidelli, A. and Levison, H.~F.},
  journal={Nature},
  volume={435},
  number={7041},
  pages={459--461},
  year={2005},
  publisher={Nature Publishing Group}
}

@PHDTHESIS{Tholen1984,
   author = {{Tholen}, D.~J.},
    title = {Asteroid taxonomy from cluster analysis of photometry},
   school = {University of Arizona, Tucson},
     year = {1984},
    month = {September},
   adsurl = {http://adsabs.harvard.edu/abs/1984PhDT.........3T},
  adsnote = {Provided by the SAO/NASA Astrophysics Data System}
}

@article{tancredi2015,
  title={Distribution of boulders and the gravity potential on asteroid Itokawa},
  author={G. Tancredi and S. Roland and S. Bruzzone},
  journal={Icarus},
  volume={247},
  pages={279-290},
  year={2015},
  doi={10.1016/j.icarus.2014.10.011},
  url={http://dx.doi.org/10.1016/j.icarus.2014.10.011}
}

@ARTICLE{tancredi2012,
   author = {{Tancredi}, G. and {Maciel}, A. and {Heredia}, L. and {Richeri}, P. and 
	{Nesmachnow}, S.},
    title = "{Granular physics in low-gravity environments using discrete element method}",
  journal = {Mon. Not. R. Astron. Soc.},
     year = 2012,
    month = mar,
   volume = 420,
    pages = {3368-3380},
      doi = {10.1111/j.1365-2966.2011.20259.x},
   adsurl = {http://adsabs.harvard.edu/abs/2012MNRAS.420.3368T}
}

@article{takagi1984,
  title={Impact fragmentation experiments of basalts and pyrophyllites},
  author={Takagi, Y. and Mizutani, H. and Kawakami, {S.~I.}},
  journal={Icarus},
  volume={59},
  pages={462-477},
  year={1984}
}

@article{sanchez2014,
  title={The strength of regolith and rubble pile asteroids},
  author={P. S{\'a}nchez and D.~J. Scheeres},
  journal={Meteoritics \& Planetary Science},
  volume={49},
  number={5},
  pages={788-811},
  year={2014},
  doi={10.1111/maps.12293},
  url={http://dx.doi.org/10.1111/maps.12293}
}

@article{sullivan1996,
  title={Geology of 243 Ida},
  author={Sullivan, R. and Greeley, R and Pappalardo, R and Asphaug, E},
  journal={Icarus},
  volume={120},
  pages={119-139},
  year={1996}
}

@article{sugita1998,
  title={Spectroscopic measurements of vapor clouds due to oblique impacts},
  author={Sugita, S. and Schultz, P.~H. and Adams, M.~ A.},
  journal={Journal of Geophysical Research},
  volume={103},
  number={E8},
  pages={19427--19441},
  year={1998},
  publisher={Wiley Online Library}
}

@article{stuart2004,
  title={Bias-corrected population, size distribution, and impact hazard for the {near-Earth} objects},
  author={J.~S. Stuart and R.~P. Binzel},
  journal={Icarus},
  volume={170},
  number={2},
  pages={295-311},
  year={2004},
  doi={10.1016/j.icarus.2004.03.018},
  url={http://dx.doi.org/10.1016/j.icarus.2004.03.018}
}

@article{strom2005,
  title={The origin of planetary impactors in the inner solar system.},
  author={R.~G. Strom and Renu Malhotra and Takashi Ito and Fumi Yoshida and David A Kring},
  journal={Science},
  volume={309},
  number={5742},
  pages={1847-1850},
  year={2005},
  doi={10.1126/science.1113544},
  url={http://dx.doi.org/10.1126/science.1113544}
}

@article{strazzulla2005,
  title={Spectral alteration of the Meteorite Epinal {(H5)} induced by heavy ion irradiation: a simulation of space weathering effects on {near-Earth} asteroids},
  author={G. Strazzulla and E. Dotto and R. Binzel and R. Brunetto and {M.A.} Barucci and A. Blanco and V. Orofino},
  journal={Icarus},
  volume={174},
  number={1},
  pages={31--35},
  year={2005},
  doi={10.1016/j.icarus.2004.09.013},
  url={http://dx.doi.org/10.1016/j.icarus.2004.09.013}
}

@article{shoemaker1971,
  title={Origin of fragmental debris on the lunar surface and the history of bombardment of the moon},
  author={Shoemaker, E.~M.},
  journal={Presentation at I Seminario de Geologia Lunar, Univ. of Barcelona},
  year={1971}
}

@ARTICLE{schmidt1980,
   author = {{Schmidt}, R.~M. and {Holsapple}, K.~A.},
    title = "{Theory and experiments on centrifuge cratering}",
  journal = {Journal of Geophysical Research},
     year = 1980,
    month = jan,
   volume = 85,
    pages = {235-252},
      doi = {10.1029/JB085iB01p00235},
   adsurl = {http://ads.nao.ac.jp/abs/1980JGR....85..235S},
  adsnote = {Provided by the SAO/NASA Astrophysics Data System}
}

@article{shkuratov1999,
  title={A Model of Spectral Albedo of Particulate Surfaces: Implications for Optical Properties of the Moon},
  author={Y. Shkuratov and Larissa Starukhina and Harald Hoffmann and Gabriele Arnold},
  journal={Icarus},
  volume={137},
  number={2},
  pages={235--246},
  year={1999},
  doi={10.1006/icar.1998.6035},
  url={http://dx.doi.org/10.1006/icar.1998.6035}
}

@article{sierks2011,
  title={Images of asteroid 21 Lutetia: a remnant planetesimal from the early solar system},
  author={Sierks, H. and Lamy, P and Barbieri, C and Koschny, D and Rickman, Hans and Rodrigo, R and A’Hearn, MF and Angrilli, F and Barucci, MA and Bertaux, J-L and others},
  journal={science},
  volume={334},
  number={6055},
  pages={487--490},
  year={2011},
  publisher={American Association for the Advancement of Science}
}

@article{setoh2010,
  title={High- and low-velocity impact experiments on porous sintered glass bead targets of different compressive strengths: Outcome sensitivity and scaling},
  author={M. Setoh and A M Nakamura and P Michel and K Hiraoka and Y Yamashita and S Hasegawa and N Onose and K Okudaira},
  journal={Icarus},
  volume={205},
  number={2},
  pages={702--711},
  year={2010},
  doi={10.1016/j.icarus.2009.08.012},
  url={http://dx.doi.org/10.1016/j.icarus.2009.08.012}
}

@article{scott1969,
  title={The density of random close packing of spheres},
  author={Scott, {G.~D.} and Kilgour, {D.~M.}},
  journal={Journal of Physics D: Applied Physics},
  volume={2},
  number={6},
  pages={863--866},
  year={1969},
  doi={10.1088/0022-3727/2/6/311},
  url={http://dx.doi.org/10.1088/0022-3727/2/6/311}
}

@ARTICLE{Schultz2015,
   author = {{Schultz}, P.~H. and {Eberhardy}, C.~A.},
    title = "{Spectral probing of impact-generated vapor in laboratory experiments}",
  journal = {Icarus},
 keywords = {Impact processes, Experimental techniques, Spectroscopy},
     year = 2015,
   volume = 248,
    pages = {448--462},
      doi = {10.1016/j.icarus.2014.10.041},
   adsurl = {http://adsabs.harvard.edu/abs/2015Icar..248..448S}
   }

@article{schultz1975,
  title={Seismic effects from major basin formations on the Moon and Mercury},
  author={Schultz, P.~H. and Gault, D.~E.},
  journal={The Moon},
  volume={12},
  number={2},
  pages={159-177},
  year={1975},
  publisher={Springer},
  doi={10.1007/BF00577875},
  url={http://dx.doi.org/10.1007/BF00577875}
}

@article{schmidt1987,
  title={Some recent advances in the scaling of impact and explosion cratering},
  author={R.~M. Schmidt and K.~ R. Housen},
  journal={International Journal of Impact Engineering},
  volume={5},
  number={1-4},
  pages={543-560},
  year={1987},
  doi={10.1016/0734-743X(87)90069-8},
  url={http://dx.doi.org/10.1016/0734-743X(87)90069-8}
}

@article{scheeres2010,
  title={Scaling forces to asteroid surfaces: The role of cohesion},
  author={D.~J. Scheeres and C.~M. Hartzell and P. S\'{a}nchez and M. Swift},
  journal={Icarus},
  volume={210},
  number={2},
  pages={968--984},
  year={2010},
  doi={10.1016/j.icarus.2010.07.009},
  url={http://dx.doi.org/10.1016/j.icarus.2010.07.009}
}


@article{scheeres2008,
  title={Effect of density inhomogeneity on YORP: The case of Itokawa},
  author={Scheeres, D.~J. and Gaskell, R.~W.},
  journal={Icarus},
  volume={198},
  number={1},
  pages={125--129},
  year={2008},
  publisher={Elsevier}
}

@article{saito2006,
  title={Detailed images of asteroid 25143 Itokawa from Hayabusa},
  author={Saito, J. and Miyamoto, H. and Nakamura, R and Ishiguro, M and Michikami, T and Nakamura, AM and Demura, H and Sasaki, S and Hirata, N and Honda, C and others},
  journal={Science},
  volume={312},
  number={5778},
  pages={1341--1344},
  year={2006},
  publisher={American Association for the Advancement of Science}
}

@article{sasaki2001,
  title={Production of iron nanoparticles by laser irradiation in a simulation of lunar-like space weathering},
  author={S. Sasaki and Keiko Nakamura and Yoshimi Hamabe and Erika Kurahashi and Takahiro Hiroi},
  journal={Nature},
  volume={410},
  number={6828},
  pages={555-557},
  year={2001},
  doi={10.1038/35069013},
  url={http://dx.doi.org/10.1038/35069013}
}

@article{rubincam2000,
  title={Radiative spin-up and spin-down of small asteroids},
  author={Rubincam, D.~P.},
  journal={Icarus},
  volume={148},
  number={1},
  pages={2--11},
  year={2000},
  publisher={Elsevier}
}

@article{rubincam1998,
  title={Yarkovsky thermal drag on small asteroids and Mars-Earth delivery},
  author={Rubincam, D.~P.},
  journal={Journal of Geophysical Research},
  volume={103},
  number={E1},
  pages={1725--1732},
  year={1998},
  publisher={Wiley Online Library}
}

@article{rubincam1995,
  title={Asteroid orbit evolution due to thermal drag},
  author={Rubincam, D.~P.},
  journal={Journal of Geophysical Research},
  volume={100},
  number={E1},
  pages={1585--1594},
  year={1995},
  publisher={Wiley Online Library}
}

@article{rozitis2014,
  title={Cohesive forces prevent the rotational breakup of rubble-pile asteroid (29075) 1950 {DA}},
  author={B. Rozitis and E. {MacLennan} and J.~P. Emery},
  journal={Nature},
  volume={512},
  number={7513},
  pages={174-176},
  year={2014},
  doi={10.1038/nature13632},
  url={http://dx.doi.org/10.1038/nature13632}
}
@INBOOK{richardson2002,
   author = {{Richardson}, D.~C. and {Leinhardt}, Z.~M. and {Melosh}, H.~J. and 
	{Bottke}, Jr., W.~F. and {Asphaug}, E.},
    title = "{Gravitational Aggregates: Evidence and Evolution}",
booktitle = {Asteroids III, W.~F.~Bottke Jr., A.~Cellino, P.~Paolicchi, and R.~P.~Binzel (eds), University of Arizona Press, Tucson, p.501-515},
     year = 2002,
    month = mar,
    pages = {501-515},
   adsurl = {http://adsabs.harvard.edu/abs/2002aste.book..501R},
}

@article{richardson2005,
  title={The global effects of impact-induced seismic activity on fractured asteroid surface morphology},
  author={J. {Richardson Jr.} and H. {Melosh} and R. {Greenberg} and D. {O'Brien}},
  journal={Icarus},
  volume={179},
  number={2},
  pages={325-349},
  year={2005},
  doi={10.1016/j.icarus.2005.07.005},
  url={http://dx.doi.org/10.1016/j.icarus.2005.07.005}
}

@article{richardson2004,
  title={{Impact-Induced} Seismic Activity on Asteroid 433 Eros: A Surface Modification Process},
  author={J.~E. Richardson and J.~H. Melosh and R. Greenberg},
  journal={Science},
  volume={306},
  number={5701},
  pages={1526-1529},
  year={2004},
  doi={10.1126/science.1104731},
  url={http://dx.doi.org/10.1126/science.1104731}
}

@article{reddy2012,
  title={Color and albedo heterogeneity of Vesta from Dawn},
  author={Reddy, V. and Nathues, Andreas and Le Corre, Lucille and Sierks, Holger and Li, Jian-Yang and Gaskell, Robert and McCoy, Timothy and Beck, Andrew W and Schr{\"o}der, Stefan E and Pieters, Carle M and others},
  journal={Science},
  volume={336},
  number={6082},
  pages={700--704},
  year={2012},
  publisher={American Association for the Advancement of Science}
}

@article{reddy2012toutatis,
  title={Composition of near-earth asteroid (4179) Toutatis},
  author={Reddy, V. and Sanchez, Juan A and Gaffey, Michael J and Abell, Paul A and Le Corre, Lucille and Hardersen, Paul S},
  journal={Icarus},
  volume={221},
  number={2},
  pages={1177--1179},
  year={2012},
  publisher={Elsevier}
}

@article{pravec2000,
  title={Fast and slow rotation of asteroids},
  author={P. Pravec and {A.~W.} Harris},
  journal={Icarus},
  volume={148},
  pages={12-20},
  year={2000},
}

@ARTICLE{pravec2002,
   author = {{Pravec}, P. and {Harris}, A.~W. and {Michalowski}, T.},
    title = {Asteroid Rotations},
  journal = {Asteroids III},
     year = {2002},
    pages = {113-122},
   adsurl = {http://adsabs.harvard.edu/abs/2002aste.conf..113P},
  adsnote = {Provided by the SAO/NASA Astrophysics Data System}
}

@inproceedings{pietukowski1980,
  title={Formation of bowl-shaped craters},
  author={Pietukowski, A.~J.},
  booktitle={Lunar. Planet. Sci. Conf},
  volume={11},
  pages={2129--2144},
  year={1980}
}

@article{pieters2012,
  title={Distinctive space weathering on Vesta from regolith mixing processes},
  author={Pieters, C.~M. and Ammannito, E and Blewett, DT and Denevi, BW and De Sanctis, MC and Gaffey, MJ and Le Corre, L and Li, J-Y and Marchi, S and McCord, TB and others},
  journal={Nature},
  volume={491},
  number={7422},
  pages={79--82},
  year={2012},
  publisher={Nature Publishing Group}
}

@article{pieters2000,
  title={Space weathering on airless bodies: Resolving a mystery with lunar samples},
  author={Pieters, {C.~M.} and Taylor, {L.~A.} and Noble, {S.~K.}},
 journal={Meteoritics \& Planetary Science},
  volume={35},
  number={5},
  pages={1101--1107},
  year={2000},
  doi={10.1111/j.1945-5100.2000.tb01496.x},
  url={http://dx.doi.org/10.1111/j.1945-5100.2000.tb01496.x}
}

@article{pieters1993,
  title={Optical effects of space weathering: The role of the finest fraction},
  author={C.~M. Pieters and E.~M. Fischer and O. Rode and A. Basu},
  journal={Journal of Geophysical Research},
  volume={98},
  number={E11},
  pages={20817-20824},
  year={1993},
  doi={10.1029/93JE02467},
  url={http://dx.doi.org/10.1029/93JE02467}
}

@INPROCEEDINGS{Patmore2014,
   author = {{Patmore}, E.~B. and {Strait}, M.~M. and {Flynn}, G.~J. and 
	{Durda}, D.~D.},
    title = "{Compression Strength of Pumice}",
booktitle = {Lunar. Planet. Sci. Conf.},
     year = 2014,
   volume = 45,
    month = mar,
    pages = {2429},
   adsurl = {http://adsabs.harvard.edu/abs/2014LPI....45.2429P},
  adsnote = {Provided by the SAO/NASA Astrophysics Data System}
}

@article{park2015,
  title={40Ar/39Ar age of material returned from asteroid 25143 Itokawa},
  author={J. Park and Turrin, Brent D and Herzog, Gregory F and Lindsay, Fara N and Delaney, Jeremy S and Swisher, Carl C and Uesugi, Masayuki and Karouji, Yuzuru and Yada, Toru and Abe, Masanao and others},
  journal={Meteoritics \& Planetary Science},
  volume={50},
  number={12},
  pages={2087-2098},
  year={2015},
}

@article{ostro2004,
  title={Radar observations of asteroid 25143 Itokawa (1998 {SF36)}},
  author={Ostro, {S.~J.} and Benner, {L.~A.~M.} and Nolan, {M.~C.}},
 journal={Meteoritics \& Planetary Science Archives},
  volume={39},
  number={3},
  pages={407--424},
  year={2004}
}

@article{ohba2003,
  title={Pole orientation and triaxial ellipsoid shape of (25143) 1998 {SF36,} a target asteroid of the {MUSES-C*} mission},
  author={Ohba, Y. and Abe, M. and Hasegawa, S. and Ishiguro, M.},
  journal={Earth, planets and space},
  volume={55},
  number={6},
  pages={341--347},
  year={2003},
  doi={10.1186/BF03351767},
  url={http://dx.doi.org/10.1186/BF03351767}
}
@article{obrien2014,
  title={Water delivery and giant impacts in the ‘Grand Tack’scenario},
  author={{O’Brien}, D.~P. and Walsh, Kevin J. and Morbidelli, Alessandro and Raymond, Sean N and Mandell, Avi M},
  journal={Icarus},
  volume={239},
  pages={74--84},
  year={2014},
  publisher={Elsevier}
}

@INPROCEEDINGS{obrien2011,
   author = {{O'Brien}, D.~P. and {Sykes}, M.~V. and {Tricarico}, P.},
    title = "{Collision Probabilities and Impact Velocity Distributions for Vesta and Ceres}",
booktitle = {Lunar and Planetary Science Conference},
     year = 2011,
   series = {Lunar and Planetary Science Conference},
   volume = 42,
    month = mar,
    pages = {2665},
   adsurl = {http://adsabs.harvard.edu/abs/2011LPI....42.2665O},
  adsnote = {Provided by the SAO/NASA Astrophysics Data System}
}

@article{obrien2005,
  title={The collisional and dynamical evolution of the main-belt and {NEA} size distributions},
  author={D.~P. {O'Brien} and R. Greenberg},
  journal={Icarus},
  volume={178},
  number={1},
  pages={179-212},
  year={2005},
  publisher={sciencedirect},
  doi={10.1016/j.icarus.2005.04.001},
  url={http://dx.doi.org/10.1016/j.icarus.2005.04.001}
}
@article{obrien2006,
  title={Craters on asteroids: Reconciling diverse impact records with a common impacting population},
  author={D.~P. {O'Brien} and R. Greenberg and J.~E. Richardson},
  journal={Icarus},
  volume={183},
  number={1},
  pages={79-92},
  year={2006},
  doi={10.1016/j.icarus.2006.02.008},
  url={http://dx.doi.org/10.1016/j.icarus.2006.02.008}
}
@ARTICLE{nolan1996,
   author = {{Nolan}, M.~C. and {Asphaug}, E. and {Melosh}, H.~J. and {Greenberg}, R.
	},
    title = "{Impact Craters on Asteroids: Does Gravity or Strength Control Their Size?}",
  journal = {Icarus},
     year = 1996,
    month = dec,
   volume = 124,
    pages = {359-371},
      doi = {10.1006/icar.1996.0214}
}

@ARTICLE{noguchi2014,
   author = {{Noguchi}, T. and {Kimura}, M. and {Hashimoto}, T. and {Konno}, M. and 
	{Nakamura}, T. and {Zolensky}, M.~E. and {Okazaki}, R. and {Tanaka}, M. and 
	{Tsuchiyama}, A. and {Nakato}, A. and {Ogami}, T. and {Ishida}, H. and 
	{Sagae}, R. and {Tsujimoto}, S. and {Matsumoto}, T. and {Matsuno}, J. and 
	{Fujimura}, A. and {Abe}, M. and {Yada}, T. and {Mukai}, T. and 
	{Ueno}, M. and {Okada}, T. and {Shirai}, K. and {Ishibashi}, Y.
	},
    title = "{Space weathered rims found on the surfaces of the Itokawa dust particles}",
  journal = {Meteoritics and Planetary Science},
     year = 2014,
    month = feb,
   volume = 49,
    pages = {188-214},
      doi = {10.1111/maps.12111},
   adsurl = {http://adsabs.harvard.edu/abs/2014M\%26PS...49..188N},
  adsnote = {Provided by the SAO/NASA Astrophysics Data System}
}


@article{noguchi2011,
  title={Incipient space weathering observed on the surface of Itokawa dust particles.},
  author={T. Noguchi and T Nakamura and M Kimura and M E Zolensky and M Tanaka and T Hashimoto and M Konno and A Nakato and T Ogami and A Fujimura and M Abe and T Yada and T Mukai and M Ueno and T Okada and K Shirai and Y Ishibashi and R Okazaki},
  journal={Science},
  volume={333},
  pages={1121-1125},
  year={2011},
  doi={10.1126/science.1207794},
  url={http://dx.doi.org/10.1126/science.1207794}
}

@article{noble2007,
  title={An experimental approach to understanding the optical effects of space weathering},
  author={Noble, S.~K. and Pieters, C.~M. and Keller, L.~P.},
  journal={Icarus},
  volume={192},
  number={2},
  pages={629--642},
  year={2007},
  publisher={Elsevier}
}

@inproceedings{nishiizumi2015,
  title={Measurements of Cosmogenic Radionuclides in a Hayabusa Sample},
  author={Nishiizumi, K. and Caffee, M.~W. and Welten, K.~C.},
  booktitle={Lunar. Planet. Sci. Conf.},
  volume={46},
  pages={2499},
  year={2015}
}

@article{nesvorny2010,
  title={Do planetary encounters reset surfaces of near Earth asteroids?},
  author={Nesvorn{\`y}, D. and Bottke, William F and Vokrouhlick{\`y}, David and Chapman, Clark R and Rafkin, Scot},
  journal={Icarus},
  volume={209},
  number={2},
  pages={510--519},
  year={2010},
  publisher={Elsevier}
}

@article{nesvorny2005,
  title={Evidence for asteroid space weathering from the Sloan Digital Sky Survey},
  author={D. Nesvorn{\'y} and Robert Jedicke and Robert J. Whiteley and \UTF{017D}eljko Ivezi\UTF{0107}},
  journal={Icarus},
  volume={173},
  number={1},
  pages={132-152},
  year={2005},
  doi={10.1016/j.icarus.2004.07.026},
  url={http://dx.doi.org/10.1016/j.icarus.2004.07.026}
}

@article{nesvorny2006,
  title={The breakup of a main-belt asteroid 450 thousand years ago},
  author={Nesvorn{\`y}, D. and Vokrouhlick{\`y}, D. and Bottke, W.~F.},
  journal={Science},
  volume={312},
  number={5779},
  pages={1490--1490},
  year={2006},
  publisher={American Association for the Advancement of Science}
}


@article{nesvorny+v2006,
  title={New candidates for recent asteroid breakups},
  author={D. Nesvorn{\`y} and D. Vokrouhlick{\`y}},
  journal={The Astronomical Journal},
  volume={132},
  number={5},
  pages={1950},
  year={2006},
  publisher={IOP Publishing}
}

@article{nesvorny2004,
  title={Detection of the Yarkovsky effect for main-belt asteroids},
  author={Nesvorn{\`y}, D. and Bottke, W.~F.},
  journal={Icarus},
  volume={170},
  number={2},
  pages={324--342},
  year={2004},
  publisher={Elsevier}
}

@article{nesvorny2002,
  title={The recent breakup of an asteroid in the main-belt region},
  author={Nesvorn{\`y}, D. and Bottke Jr, W.~F. and Dones, Luke and Levison, Harold F},
  journal={Nature},
  volume={417},
  number={6890},
  pages={720--771},
  year={2002},
  publisher={Nature Publishing Group}
}

@article{nakamura2012,
  title={Space environment of an asteroid preserved on micrograins returned by the Hayabusa spacecraft},
  author={Nakamura, E. and Makishima, Akio and Moriguti, Takuya and Kobayashi, Katsura and Tanaka, Ryoji and Kunihiro, Tak and Tsujimori, Tatsuki and Sakaguchi, Chie and Kitagawa, Hiroshi and Ota, Tsutomu and others},
  journal={Proceedings of the National Academy of Sciences},
  volume={109},
  number={11},
  pages={E624--E629},
  year={2012},
  publisher={National Acad Sciences}
}

@article{nakamura2011,
  title={Itokawa dust particles: a direct link between S-type asteroids and ordinary chondrites},
  author={Nakamura, T. and Noguchi, Takaaki and Tanaka, Masahiko and Zolensky, Michael E and Kimura, Makoto and Tsuchiyama, Akira and Nakato, Aiko and Ogami, Toshihiro and Ishida, Hatsumi and Uesugi, Masayuki and others},
  journal={Science},
  volume={333},
  number={6046},
  pages={1113--1116},
  year={2011},
  publisher={American Association for the Advancement of Science}
}
@article{nakamura2008,
  title={Impact process of boulders on the surface of asteroid 25143 Itokawa—fragments from collisional disruption},
  author={A.~M. Nakamura and T Michikami and N Hirata and A Fujiwara and R Nakamura and M Ishiguro and H Miyamoto and H Demura and K Hiraoka and T Honda and C Honda and J Saito and T Hashimoto and T Kubota},
  journal={Earth, Planets and Space},
  volume={60},
  number={1},
  pages={7-12},
  year={2008},
  doi={10.1186/BF03352756},
  url={http://dx.doi.org/10.1186/BF03352756}
}

@article{nakamura1991,
  title={Velocity distribution of fragments formed in a simulated collisional disruption},
  author={Nakamura, A. and Fujiwara, A.},
  journal={Icarus},
  volume={92},
  number={1},
  pages={132--146},
  year={1991},
  publisher={Elsevier}
}

@article{nagao2011,
  title={Irradiation history of Itokawa regolith material deduced from noble gases in the Hayabusa samples},
  author={Nagao, K. and Okazaki, Ryuji and Nakamura, Tomoki and Miura, Yayoi N and Osawa, Takahito and Bajo, Ken-ichi and Matsuda, Shintaro and Ebihara, Mitsuru and Ireland, Trevor R and Kitajima, Fumio and others},
  journal={Science},
  volume={333},
  number={6046},
  pages={1128--1131},
  year={2011},
  publisher={American Association for the Advancement of Science}
}
@ARTICLE{mizutani1983,
   author = {{Mizutani}, H. and {Kawakami}, S.-I. and {Takagi}, Y. and {Kato}, M. and 
	{Kumazawa}, M.},
    title = "{Cratering experiments in sands and a trial for general scaling law.}",
  journal = {Journal of Geophysical Research},
     year = 1983,
    month = feb,
   volume = 88,
    pages = {A835-A845},
      doi = {10.1029/JB088iS02p0A835},
   adsurl = {http://ads.nao.ac.jp/abs/1983JGR....88..835M},
  adsnote = {Provided by the SAO/NASA Astrophysics Data System}
}

@article{murchie2002,
  title={Color Variations on Eros from {NEAR} Multispectral Imaging},
  author={S. Murchie and Mark Robinson and Beth Clark and Han Li and Peter Thomas and Jonathan Joseph and Ben Bussey and Deborah Domingue and Joseph Veverka and Noam Izenberg and Clark Chapman},
  journal={Icarus},
  volume={155},
  number={1},
  pages={145-168},
  year={2002},
  doi={10.1006/icar.2001.6756},
  url={http://dx.doi.org/10.1006/icar.2001.6756}
}
@ARTICLE{mothe-diniz2008,
   author = {{Moth{\'e}-Diniz}, T. and {Nesvorn{\'y}}, D.},
    title = "{Visible spectroscopy of extremely young asteroid families}",
  journal = {Astronomy \& Astrophysics},
 keywords = {minor planets, asteroids},
     year = 2008,
    month = aug,
   volume = 486,
    pages = {L9-L12},
      doi = {10.1051/0004-6361:200809934},
   adsurl = {http://adsabs.harvard.edu/abs/2008A\%26A...486L...9M},
  adsnote = {Provided by the SAO/NASA Astrophysics Data System}
}

@article{moroz2004,
  title={Optical alteration of complex organics induced by ion irradiation:: 1. Laboratory experiments suggest unusual space weathering trend},
  author={Moroz, L. and Baratta, Giuseppe and Strazzulla, Giovanni and Starukhina, Larissa and Dotto, Elisabetta and Barucci, Maria Antonietta and Arnold, Gabriele and Distefano, Elisa},
  journal={Icarus},
  volume={170},
  number={1},
  pages={214--228},
  year={2004},
  publisher={Elsevier}
}

@article{morbidelli2000,
  title={Source regions and timescales for the delivery of water to the Earth},
  author={A. Morbidelli and J. Chambers and J. I. Lunine and J. M. Petit and F. Robert and G. B. Valsecchi and K. E. Cyr},
  journal={Meteoritics \& Planetary Science},
  volume={35},
  number={6},
  pages={1309-1320},
  year={2000},
  doi={10.1111/j.1945-5100.2000.tb01518.x},
  url={http://dx.doi.org/10.1111/j.1945-5100.2000.tb01518.x}
}

@article{miyamoto2007,
  title={Regolith Migration and Sorting on Asteroid Itokawa},
  author={H. Miyamoto and H Yano and {DJ} Scheeres and S Abe and O {Barnouin-Jha} and {AF} Cheng and H Demura and {RW} Gaskell and N Hirata and M Ishiguro and T Michikami and {AM} Nakamura and R Nakamura and J Saito and S Sasaki},
  journal={Science},
  volume={316},
  number={5827},
  pages={1011-1014},
  year={2007},
  doi={10.1126/science.1134390},
  url={http://dx.doi.org/10.1126/science.1134390}
}

@article{michikami2008,
  title={Size-frequency statistics of boulders on global surface of asteroid 25143 Itokawa},
  author={T. Michikami and Akiko M Nakamura and Naru Hirata and Robert W Gaskell and Ryosuke Nakamura and Takayuki Honda and Chikatoshi Honda and Kensuke Hiraoka and Jun Saito and Hirohide Demura and Masateru Ishiguro and Hideaki Miyamoto},
  journal={Earth, Planets and Space},
  volume={60},
  number={1},
  pages={13-20},
  year={2008},
  doi={10.1186/BF03352757},
  url={http://dx.doi.org/10.1186/BF03352757}
}

@article{michel2010,
  title={Orbital and thermal evolutions of four potential targets for a sample return space mission to a primitive near-Earth asteroid},
  author={Michel, P. and Delbo, M.},
  journal={Icarus},
  volume={209},
  number={2},
  pages={520--534},
  year={2010},
  publisher={Elsevier}
}

@article{michel2009,
  title={Itokawa's cratering record as observed by Hayabusa: Implications for its age and collisional history},
  author={P. Michel and D.~P. {O'Brien} and S. Abe and N. Hirata},
  journal={Icarus},
  volume={200},
  number={2},
  pages={503-513},
  year={2009},
  doi={10.1016/j.icarus.2008.04.002},
  url={http://dx.doi.org/10.1016/j.icarus.2008.04.002}
}

@article{michel2006,
  title={Dynamical origin of the asteroid (25143) Itokawa: the target of the sample-return Hayabusa space mission},
  author={Michel, P. and Yoshikawa, M.},
   journal={Astronomy \& Astrophysics},
  volume={449},
  number={2},
  pages={817--820},
 year={2006},
  doi={10.1051/0004-6361:20054319},
  url={http://dx.doi.org/10.1051/0004-6361:20054319}
}

@ARTICLE{michel2005,
   author = {{Michel}, P. and {Yoshikawa}, M.},
    title = "{Earth impact probability of the Asteroid (25143) Itokawa to be sampled by the spacecraft Hayabusa}",
  journal = {Icarus},
     year = 2005,
    month = dec,
   volume = 179,
    pages = {291-296},
      doi = {10.1016/j.icarus.2005.07.018},
   adsurl = {http://ads.nao.ac.jp/abs/2005Icar..179..291M},
  adsnote = {Provided by the SAO/NASA Astrophysics Data System}
}

@ARTICLE{muller2005,
   author = {{M{\"u}ller}, T.~G. and {Sekiguchi}, T. and {Kaasalainen}, M. and 
	{Abe}, M. and {Hasegawa}, S.},
    title = "{Thermal infrared observations of the Hayabusa spacecraft target asteroid 25143 Itokawa}",
  journal = {Astronomy and Astrophisics},
   eprint = {astro-ph/0509434},
 keywords = {minor planets, asteroids, radiation mechanisms: thermal, infrared: solar system},
     year = 2005,
    month = nov,
   volume = 443,
    pages = {347-355},
      doi = {10.1051/0004-6361:20053862},
   adsurl = {http://ads.nao.ac.jp/abs/2005A%26A...443..347M},
  adsnote = {Provided by the SAO/NASA Astrophysics Data System}
}

@book{melosh1989,
  title={Impact Cratering: A Geologic Process},
  author={Melosh, H.~J.},
  isbn={9780195104639},
  lccn={88005353},
  series={Oxford monographs on geology and geophysics},
  year={1989},
  publisher={Oxford University Press}
}

@INPROCEEDINGS{meier2014,
   author = {{Meier}, M.~M.~M. and {Alwmark}, C. and {Bajt}, S. and {B{\"o}ttger}, U. and 
	{Busemann}, H. and {Fujiya}, W. and {Gilmour}, J. and {Heitmann}, U. and 
	{Hoppe}, P. and {H{\"u}bers}, H.-W. and {Marone}, F. and {Ott}, U. and 
	{Pavlov}, S. and {Schade}, U. and {Spring}, N. and {Stampanoni}, M. and 
	{Weber}, I.},
    title = "{A Precise Cosmic-Ray Exposure Age for an Olivine Grain from the Surface of Near-Earth Asteroid (25143) Itokawa}",
booktitle = {Lunar. Planet. Sci. Conf.},
     year = 2014,
   volume = 45,
    month = mar,
    pages = {1247},
   adsurl = {http://ads.nao.ac.jp/abs/2014LPI....45.1247M},
}

@article{mazrouei2014,
  title={Block distributions on Itokawa},
  author={S. Mazrouei and M.G. Daly and O.S. Barnouin and C M Ernst and I {DeSouza}},
  journal={Icarus},
  volume={229},
  pages={181-189},
  year={2014},
  publisher={sciencedirect},
  doi={10.1016/j.icarus.2013.11.010},
  url={http://dx.doi.org/10.1016/j.icarus.2013.11.010}
}

@article{marti1992,
  title={Cosmic-ray exposure history of ordinary chondrites},
  author={Marti, K. and Graf, T.},
  journal={Annual Review of Earth and Planetary Sciences},
  volume={20},
  pages={221--243},
  year={1992}
}

@article{marchi2012,
  title={The cratering history of asteroid (21) Lutetia},
  author={Marchi, S. and Massironi, M and Vincent, J-B and Morbidelli, A and Mottola, S and Marzari, F and K{\"u}ppers, M and Besse, S and Thomas, N and Barbieri, C and others},
  journal={Planetary and Space Science},
  volume={66},
  number={1},
  pages={87--95},
  year={2012},
  publisher={Elsevier}
}

@article{marchi2010,
  title={The cratering history of asteroid (2867) Steins},
  author={Marchi, S. and Barbieri, C and K{\"u}ppers, M and Marzari, F and Davidsson, Bj{\"o}rn and Keller, HU and Besse, S and Lamy, P and Mottola, S and Massironi, M and others},
  journal={Planetary and Space Science},
  volume={58},
  number={9},
  pages={1116--1123},
  year={2010},
  publisher={Elsevier}
}

@article{marchi2009,
  title={Heating of near-Earth objects and meteoroids due to close approaches to the Sun},
  author={Marchi, S. and Delbo, M and Morbidelli, A and Paolicchi, P and Lazzarin, M},
  journal={Monthly Notices of the Royal Astronomical Society},
  volume={400},
  number={1},
  pages={147--153},
  year={2009},
  publisher={Oxford University Press}
}

@inproceedings{maxwell1977,
  title={Simple Z model for cratering, ejection, and the overturned flap.},
  author={Maxwell, D.~E.},
  booktitle={Impact and Explosion Cratering: Planetary and Terrestrial Implications},
  volume={1},
  pages={1003--1008},
  year={1977}
}

@article{lowry2014,
  title={The internal structure of asteroid (25143) Itokawa as revealed by detection of YORP spin-up},
  author={Lowry, S.~C. and Weissman, P.~R. and Duddy, SR and Rozitis, B and Fitzsimmons, A and Green, SF and Hicks, MD and Snodgrass, C and Wolters, SD and Chesley, SR and others},
  journal={Astronomy \& Astrophysics},
  volume={562},
  pages={A48},
  year={2014},
  publisher={EDP Sciences}
}

@article{lowry2005,
  title={Physical properties of Asteroid (25143) Itokawa--Target of the Hayabusa sample return mission},
  author={Lowry, S.~C. and Weissman, Paul R and Hicks, Michael D and Whiteley, Robert J and Larson, Steve},
  journal={Icarus},
  volume={176},
  number={2},
  pages={408--417},
  year={2005},
  publisher={Elsevier}
}

@article{lowe2004,
  title={Distinctive image features from scale-invariant keypoints},
  author={Lowe, {D.~G.}},
 journal={International journal of computer vision},
  volume={60},
  number={2},
  pages={91--110},
  year={2004},
  doi={10.1023/B:VISI.0000029664.99615.94},
  url={http://dx.doi.org/10.1023/B:VISI.0000029664.99615.94}
}

@ARTICLE{loeffler2009,
   author = {{Loeffler}, M.~J. and {Dukes}, C.~A. and {Baragiola}, R.~A.},
    title = "{Irradiation of olivine by 4 keV He$^{+}$: Simulation of space weathering by the solar wind}",
  journal = {Journal of Geophysical Research (Planets)},
 keywords = {Planetary Sciences: Comets and Small Bodies: Erosion and weathering, Planetary Sciences: Solar System Objects: Asteroids, Planetary Sciences: Solar System Objects: Moon (1221), Planetary Sciences: Comets and Small Bodies: Radiation and chemistry, Planetary Sciences: Comets and Small Bodies: Surfaces},
     year = 2009,
    month = mar,
   volume = 114,
      issue = {E3},
    pages = {E03003},
      doi = {10.1029/2008JE003249},
   adsurl = {http://adsabs.harvard.edu/abs/2009JGRE..114.3003L},
  adsnote = {Provided by the SAO/NASA Astrophysics Data System}
}

@article{levison2001,
  title={Could the lunar “Late Heavy Bombardment” have been triggered by the formation of Uranus and Neptune?},
  author={Levison, H.~F. and Dones, Luke and Chapman, Clark R and Stern, S Alan and Duncan, Martin J and Zahnle, Kevin},
  journal={Icarus},
  volume={151},
  number={2},
  pages={286--306},
  year={2001},
  publisher={Elsevier}
}

@article{leya2000,
  title={The production of cosmogenic nuclides in stony meteoroids by galactic cosmic ray particles},
  author={Leya, I. and Lange, Hans-J{\"u}rgen and Neumann, Sonja and Wieler, Rainer and Michel, Rolf},
  journal={Meteoritics and Planetary Science},
  volume={35},
  pages={259--286},
  year={2000}
}

@ARTICLE{lee1996,
   author = {{Lee}, P.},
    title = "{Dust Levitation on Asteroids}",
  journal = {Icarus},
     year = 1996,
    month = nov,
   volume = 124,
    pages = {181-194},
      doi = {10.1006/icar.1996.0197},
   adsurl = {http://ads.nao.ac.jp/abs/1996Icar..124..181L},
  adsnote = {Provided by the SAO/NASA Astrophysics Data System}
}

@article{lazzarin2006,
  title={Space weathering in the main asteroid belt: The big picture},
  author={Lazzarin, M. and Marchi, S. and Moroz, LV and Brunetto, R and Magrin, S and Paolicchi, P and Strazzulla, G},
  journal={The Astrophysical Journal Letters},
  volume={647},
  number={2},
  pages={L179},
  year={2006},
  publisher={IOP Publishing}
}

@INPROCEEDINGS{keller2016,
   author = {{Keller}, L.~P. and {Berger}, E.~L. and {Christoffersen}, R. and 
	{Zhang}, S.},
    title = "{Direct Determination of the Space Weathering Rates in Lunar Soils and Itokawa Regolith from Sample Analyses}",
     year = 2016,
   booktitle = {Lunar and Planetary Science Conference},
   volume = 47,
    month = mar,
    pages = {2525},
   adsurl = {http://adsabs.harvard.edu/abs/2016LPI....47.2525K},
}

@article{krasinsky2002,
  title={Hidden Mass in the Asteroid Belt},
  author={G. Krasinsky},
  journal={Icarus},
  volume={158},
  number={1},
  pages={98-9105},
  year={2002},
  publisher={sciencedirect},
  doi={10.1006/icar.2002.6837},
  url={http://dx.doi.org/10.1006/icar.2002.6837}
}

@inproceedings{koga2014,
  title={Spectral Evolution Tracks of S-Type Asteroids Suggested by Principal Component Analysis of Multi-Band Images of Itokawa},
  author={Koga, S. and Sugita, S. and Kamata, S and Ishiguro, M and Hiroi, T and Sasaki, S},
  booktitle={Lunar. Planet. Sci. Conf.},
  volume={45},
  pages={1721},
  year={2014}
}
@article{kobayashi2010,
  title={Fragmentation model dependence of collision cascades},
  author={H. Kobayashi and H. Tanaka},
  journal={Icarus},
  volume={206},
  number={2},
  pages={735-746},
  year={2010},
  publisher={sciencedirect},
  doi={10.1016/j.icarus.2009.10.004},
  url={http://dx.doi.org/10.1016/j.icarus.2009.10.004}
}

@ARTICLE{keihm1984,
   author = {{Keihm}, S.~J.},
    title = "{Interpretation of the lunar microwave brightness temperature spectrum - Feasibility of orbital heat flow mapping}",
  journal = {Icarus},
     year = 1984,
    month = dec,
   volume = 60,
    pages = {568-589},
      doi = {10.1016/0019-1035(84)90165-9},
   adsurl = {http://ads.nao.ac.jp/abs/1984Icar...60..568K},
  adsnote = {Provided by the SAO/NASA Astrophysics Data System}
}

@article{keller2010,
  title={E-type Asteroid (2867) Steins as imaged by OSIRIS on board Rosetta},
  author={Keller, H.~U. and Barbieri, Cesare and Koschny, Detlef and Lamy, P and Rickman, Hans and Rodrigo, R and Sierks, Holger and A’Hearn, Michael F and Angrilli, Francesco and Barucci, MA and others},
  journal={Science},
  volume={327},
  number={5962},
  pages={190--193},
  year={2010},
  publisher={American Association for the Advancement of Science}
}

@INPROCEEDINGS{keller2000,
   author = {{Keller}, L.~P. and {Wentworth}, S.~J. and {McKay}, D.~S. and 
	{Taylor}, L.~A. and {Pieters}, C. and {Morris}, R.~V.},
    title = "{Space Weathering in the Fine Size Fractions of Lunar Soils: Mare/Highland Differences}",
booktitle = {Lunar. Planet. Sci. Conf.},
     year = 2000,
   volume = 31,
    month = mar,
    pages={1655},
   adsurl = {http://adsabs.harvard.edu/abs/2000LPI....31.1655K},
  adsnote = {Provided by the SAO/NASA Astrophysics Data System}
}

@article{keller1997,
  title={The nature and origin of rims on lunar soil grains},
  author={Keller, L.~P. and McKay, D.~S.},
  journal={Geochimica et Cosmochimica Acta},
  volume={61},
  number={11},
  pages={2331--2341},
  year={1997},
  publisher={Elsevier}
}

@article{keller1993,
  title={Discovery of Vapor Deposits in the Lunar Regolith},
  author={Keller, L.~P. and McKay, D.~S.},
  journal={Science},
  volume={261},
  year={1993},
  pages={1305--1307},
  publisher={highwire},
  doi={10.1126/science.261.5126.1305},
  url={http://dx.doi.org/10.1126/science.261.5126.1305}
}

@article{kawaguchi2003,
  title={The {MUSES-C} mission for the sample and return—its technology development status and readiness},
  author={Kawaguchi, J. and Uesugi, K. and Fujiwara, A.},
 journal={Acta Astronautica},
  volume={52},
  number={2},
  pages={117--123},
  year={2003}
}

@article{kaasalainen2003,
  title={{CCD} photometry and model of {MUSES-C} target (25143) 1998 {SF36}},
  author={Kaasalainen, M. and Kwiatkowski, T and Abe, M},
 journal={Astronomy \& Astrophysics},
  volume={405},
  number={3},
  pages={L29--L32},
  year={2003}
}
@ARTICLE{jutzi2010,
   author = {{Jutzi}, M. and {Michel}, P. and {Benz}, W.},
    title = "{A large crater as a probe of the internal structure of the E-type asteroid Steins}",
  journal = {Astronomy \& Astrophysics},
 keywords = {methods: numerical, minor planets, asteroids, solar system:, general, shock waves},
     year = 2010,
    month = jan,
   volume = 509,
      eid = {L2},
    pages = {L2},
      doi = {10.1051/0004-6361/200913549}
}

@article{jiang2015,
  title={Boulders on asteroid Toutatis as observed by Chang’e-2},
  author={Jiang, Y. and Ji, Jianghui and Huang, Jiangchuan and Marchi, Simone and Li, Yuan and Ip, Wing-Huen},
  journal={Scientific reports},
  volume={5},
  year={2015},
  publisher={Nature Publishing Group}
}

@article{jeffreys1947,
  title={The relation of cohesion to Roche's limit},
  author={Jeffreys, H.},
  journal={Monthly Notices of the Royal Astronomical Society},
  volume={107},
  number={3},
  pages={260-262},
  year={1947},
  publisher={Oxford University Press},
  doi={10.1093/mnras/107.3.260},
  url={http://dx.doi.org/10.1093/mnras/107.3.260}
}

@article{jedicke2004,
  title={An age-colour relationship for main-belt S-complex asteroids},
  author={R. Jedicke and David Nesvorn{\'y} and Robert Whiteley and Zcaron and eljko Ivezi and Mario Juri},
  journal={Nature},
  volume={429},
  number={6989},
  pages={275-277},
  year={2004},
  doi={10.1038/nature02578},
  url={http://dx.doi.org/10.1038/nature02578}
}

@article{jaumann2012,
  title={Vesta’s shape and morphology},
  author={Jaumann, R. and Williams, DA and Buczkowski, DL and Yingst, RA and Preusker, F and Hiesinger, H and Schmedemann, N and Kneissl, T and Vincent, JB and Blewett, DT and others},
  journal={science},
  volume={336},
  number={6082},
  pages={687--690},
  year={2012},
  publisher={American Association for the Advancement of Science}
}

@ARTICLE{ivezic2001,
   author = {{Ivezi{\'c}}, {\v Z}. and {Tabachnik}, S. and {Rafikov}, R. and 
	{Lupton}, R.~H. and {Quinn}, T. and {Hammergren}, M. and {Eyer}, L. and 
	{Chu}, J. and {Armstrong}, J.~C. and {Fan}, X. and {Finlator}, K. and 
	{Geballe}, T.~R. and {Gunn}, J.~E. and {Hennessy}, G.~S. and 
	{Knapp}, G.~R. and {Leggett}, S.~K. and {Munn}, J.~A. and {Pier}, J.~R. and 
	{Rockosi}, C.~M. and {Schneider}, D.~P. and {Strauss}, M.~A. and 
	{Yanny}, B. and {Brinkmann}, J. and {Csabai}, I. and {Hindsley}, R.~B. and 
	{Kent}, S. and {Lamb}, D.~Q. and {Margon}, B. and {McKay}, T.~A. and 
	{Smith}, J.~A. and {Waddel}, P. and {York}, D.~G. and {SDSS Collaboration}
	},
    title = "{Solar System Objects Observed in the Sloan Digital Sky Survey Commissioning Data}",
  journal = {The Astrophysical Journal},
   eprint = {astro-ph/0105511},
     year = 2001,
    month = nov,
   volume = 122,
    pages = {2749-2784},
      doi = {10.1086/323452},
   adsurl = {http://ads.nao.ac.jp/abs/2001AJ....122.2749I},
  adsnote = {Provided by the SAO/NASA Astrophysics Data System}
}

@article{ishiguro2010,
  title={The Hayabusa Spacecraft Asteroid Multi-band Imaging Camera {(AMICA)}},
  author={M. Ishiguro and Ryosuke Nakamura and David J Tholen and Naru Hirata and Hirohide Demura and Etsuko Nemoto and Akiko M Nakamura and Yuta Higuchi and Akito Sogame and Aya Yamamoto and Kohei Kitazato and Yasuhiro Yokota and Takashi Kubota and Tatsuaki Hashimoto and Jun Saito},
  journal={Icarus},
  volume={207},
  number={2},
  pages={714--731},
  year={2010},
  doi={10.1016/j.icarus.2009.12.035},
  url={http://dx.doi.org/10.1016/j.icarus.2009.12.035}
}

@article{ishiguro2014,
  title={Scattered light correction of {Hayabusa/AMICA} data and quantitative spectral comparisons of Itokawa},
  author={Ishiguro, M.},
  year={2014},
  journal={Publications of the Astronomical Society of Japan},
  pages={55},
  doi={10.1093/pasj/psu036},
  url={http://dx.doi.org/10.1093/pasj/psu036}
}

@article{ishiguro2007,
  title={Global mapping of the degree of space weathering on asteroid 25143 Itokawa by {Hayabusa/AMICA} observations},
  author={M. Ishiguro and Takahiro Hiroi and David J. Tholen and Sho Sasaki and Yuji Ueda and Tokuhiro Nimura and Masanao Abe and Beth E. Clark and Aya Yamamoto and Fumi Yoshida and Ryosuke Nakamura and Naru Hirata and Hideaki Miyamoto and Yasuhiro Yokota and Tatsuaki Hashimoto and Takashi Kubota and Akiko M. Nakamura and Robert W. Gaskell and Jun Saito},
  journal={Meteoritics \& Planetary Science},
  volume={42},
  number={10},
  pages={1791-1800},
  year={2007},
  doi={10.1111/j.1945-5100.2007.tb00538.x},
  url={http://dx.doi.org/10.1111/j.1945-5100.2007.tb00538.x}
}

@article{huang2013,
  title={The ginger-shaped asteroid 4179 toutatis: New observations from a successful flyby of Chang'e-2},
  author={Huang, J. and Ji, Jianghui and Ye, Peijian and Wang, Xiaolei and Yan, Jun and Meng, Linzhi and Wang, Su and Li, Chunlai and Li, Yuan and Qiao, Dong and others},
  journal={Scientific reports},
  volume={3},
  year={2013},
  publisher={Nature Publishing Group}
}

@article{horz1975,
  title={Catastrophic rupture of lunar rocks: A Monte Carlo simulation},
  author={H{\"o}rz, F. and Schneider, E and Gault, DE and Hartung, JB and Brownlee, DE},
  journal={The moon},
  volume={13},
  number={1-3},
  pages={235--258},
  year={1975},
  publisher={Springer}
}

@ARTICLE{HH1999,
   author = {{Housen}, K.~R. and {Holsapple}, K.~A.},
    title = "{Scale Effects in Strength-Dominated Collisions of Rocky Asteroids}",
  journal = {Icarus},
     year = 1999,
    month = nov,
   volume = 142,
    pages = {21-33},
      doi = {10.1006/icar.1999.6206},
   adsurl = {http://adsabs.harvard.edu/abs/1999Icar..142...21H},
  adsnote = {Provided by the SAO/NASA Astrophysics Data System}
}

@inproceedings{holsapple2014,
  title={Cratering in Blocky Regoliths},
  author={Holsapple, K.~A. and Housen, K.~R.},
  booktitle={Lunar. Planet. Sci. Conf.},
  volume={45},
  pages={2538},
  year={2014}
}

@article{holsapple2007,
  title={Spin limits of Solar System bodies: From the small fast-rotators to 2003 {EL61}},
  author={K.~A. Holsapple},
  journal={Icarus},
  volume={187},
  number={2},
  pages={500--509},
  year={2007},
  doi={10.1016/j.icarus.2006.08.012},
  url={http://dx.doi.org/10.1016/j.icarus.2006.08.012}
}


@article{holsapple1993,
  title={The scaling of impact processes in planetary sciences},
  author={Holsapple, K.~A.},
  journal={Annual Review of Earth and Planetary Sciences},
  volume={21},
  pages={333--373},
  year={1993}
}

@article{holsapple1987,
  title={Point source solutions and coupling parameters in cratering mechanics},
  author={Holsapple, K.~A. and Schmidt, R.~M.},
  journal={Journal of Geophysical Research},
  volume={92},
  number={B7},
  pages={6350--6376},
  year={1987},
  publisher={Wiley Online Library}
}

@inproceedings{hiroi2007,
  title={Meteorite analogs of Asteroid 25143 Itokawa: Seeing beyond the effects of grain size and space weathering},
  author={T. Hiroi and Abe, M and Kitazato, K and Abe, S and Sasaki, S and Ishiguro, M and Takagi, Y and Clark, BE and Barnouin-Jha, OS and Nimura, T},
  booktitle={Lunar. Planet. Sci. Conf.},
  volume={38},
  pages={1048},
  year={2007}
}

@article{hiroi2006,
  title={Developing space weathering on the asteroid 25143 Itokawa},
  author={T. Hiroi and Masanao Abe and Kohei Kitazato and Shinsuke Abe and Beth E. Clark and Sho Sasaki and Masateru Ishiguro and Olivier S. {Barnouin-Jha}},
  journal={Nature},
  volume={443},
  number={7107},
  pages={56-58},
  year={2006},
  doi={10.1038/nature05073},
  url={http://dx.doi.org/10.1038/nature05073}
}

@article{hirata2009,
  title={A survey of possible impact structures on 25143 Itokawa},
  author={N. Hirata and Olivier S {Barnouin-Jha} and Chikatoshi Honda and Ryosuke Nakamura and Hideaki Miyamoto and Sho Sasaki and Hirohide Demura and Akiko M Nakamura and Tatsuhiro Michikami and Robert W Gaskell and Jun Saito},
  journal={Icarus},
  volume={200},
  number={2},
  pages={486-502},
  year={2009},
  publisher={sciencedirect},
  doi={10.1016/j.icarus.2008.10.027},
  url={http://dx.doi.org/10.1016/j.icarus.2008.10.027}
}

@ARTICLE{hartzell2011,
   author = {{Hartzell}, C.~M. and {Scheeres}, D.~J.},
    title = "{The role of cohesive forces in particle launching on the Moon and asteroids}",
  journal = {Planetary and Space Science},
     year = 2011,
    month = nov,
   volume = 59,
    pages = {1758-1768},
      doi = {10.1016/j.pss.2011.04.017},
   adsurl = {http://ads.nao.ac.jp/abs/2011P\%26SS...59.1758H},
  adsnote = {Provided by the SAO/NASA Astrophysics Data System}
}

@article{helfenstein1994,
  title={Galileo photometry of asteroid 951 Gaspra},
  author={Helfenstein, P. and Veverka, J. and Thomas, {P.~C.} and Simonelli, {D.~P.}},
  journal={Icarus},
  volume={107},
  number={1},
  pages={37--60},
  year={1994}
}

@article{he1999,
  title={Computer simulation of random packing of unequal particles},
  author={He, D. and Ekere, {N.~N.} and Cai, L.},
  journal={Physical Review E},
  volume={60},
  number={6},
  pages={7098},
  year={1999}
}
@ARTICLE{hasegawa2008,
   author = {{Hasegawa}, S. and {M{\"u}ller}, T.~G. and {Kawakami}, K. and 
	{Kasuga}, T. and {Wada}, T. and {Ita}, Y. and {Takato}, N. and 
	{Terada}, H. and {Fujiyoshi}, T. and {Abe}, M.},
    title = "{Albedo, Size, and Surface Characteristics of Hayabusa-2 Sample-Return Target 162173 1999 JU3 from AKARI}",
  journal = {Publications of the Astronomical Society of Japan},
 keywords = {infrared: solar system, minor planets, asteroids, radiation mechanisms: thermal},
     year = 2008,
    month = dec,
   volume = 60,
    pages = {S399-S405},
   adsurl = {http://ads.nao.ac.jp/abs/2008PASJ...60S.399A},
  adsnote = {Provided by the SAO/NASA Astrophysics Data System}
}

@article{hapke2001,
  title={Space weathering from Mercury to the asteroid belt},
  author={B. Hapke},
  journal={Journal of Geophysical Research},
  volume={106},
  number={E5},
  pages={10039-10073},
  year={2001},
  doi={10.1029/2000JE001338},
  url={http://dx.doi.org/10.1029/2000JE001338}
}


@article{guettler2012,
  title={Cratering experiments on the self armoring of coarse-grained granular targets},
  author={C. G{\"u}ttler and N. Hirata and A.~M. Nakamura},
  journal={Icarus},
  volume={220},
  number={2},
  pages={1040-1049},
  year={2012},
  doi={10.1016/j.icarus.2012.06.041},
  url={http://dx.doi.org/10.1016/j.icarus.2012.06.041}
}

@article{greenberg1996,
  title={Collisional and dynamical history of Ida},
  author={Greenberg, R. and Bottke, {WF} and Nolan, M and Geissler, P and Petit, {JM}},
  journal={Icarus},
  volume={120},
  number={1},
  pages={106--118},
  year={1996}
}

@article{greenberg1994,
  title={Collisional history of Gaspra},
  author={Greenberg, R. and Nolan, Michael C and Bottke, William F and Kolvoord, Robert A and Veverka, J},
  journal={Icarus},
  volume={107},
  number={1},
  pages={84--97},
  year={1994},
  publisher={Elsevier}
}

@article{gomes2005,
  title={Origin of the cataclysmic Late Heavy Bombardment period of the terrestrial planets},
  author={Gomes, R. and Levison, Harold F and Tsiganis, Kleomenis and Morbidelli, Alessandro},
  journal={Nature},
  volume={435},
  number={7041},
  pages={466--469},
  year={2005},
  publisher={Nature Publishing Group}
}

@article{gombosi2015,
  title={Argon diffusion in Apollo 16 impact glass spherules: Implications for 40 Ar/39 Ar dating of lunar impact events},
  author={Gombosi, D.~J. and Baldwin, Suzanne L and Watson, E Bruce and Swindle, Timothy D and Delano, John W and Roberge, Wayne G},
  journal={Geochimica et Cosmochimica Acta},
  volume={148},
  pages={251--268},
  year={2015},
  publisher={Elsevier}
}

@ARTICLE{gladman2009,
   author = {{Gladman}, B.~J. and {Davis}, D.~R. and {Neese}, C. and {Jedicke}, R. and 
	{Williams}, G. and {Kavelaars}, J.~J. and {Petit}, J.-M. and 
	{Scholl}, H. and {Holman}, M. and {Warrington}, B. and {Esquerdo}, G. and 
	{Tricarico}, P.},
    title = "{On the asteroid belt's orbital and size distribution}",
  journal = {Icarus},
 keywords = {Asteroids, Collisional physics, Orbit determination},
     year = 2009,
    month = jul,
   volume = 202,
    pages = {104-118},
      doi = {10.1016/j.icarus.2009.02.012},
   adsurl = {http://ads.nao.ac.jp/abs/2009Icar..202..104G},
  adsnote = {Provided by the SAO/NASA Astrophysics Data System}
}

@inproceedings{gault1972,
  title={Effects of microcratering on the lunar surface},
  author={Gault, D.~E. and H{\"o}rz, F. and Hartung, J.~B.},
  booktitle={Lunar. Planet. Sci. Conf.},
  volume={3},
  pages={2713},
  year={1972}
}

@article{gaffey1976,
  title={Spectral reflectance characteristics of the meteorite classes},
  author={Gaffey, M.~J.},
  journal={Journal of Geophysical Research},
  volume={81},
  number={5},
  pages={905--920},
  year={1976}
}


@article{fujiwara2006,
  title={The rubble-pile asteroid Itokawa as observed by Hayabusa.},
  author={A. Fujiwara and J Kawaguchi and D K Yeomans and M Abe and T Mukai and T Okada and J Saito and H Yano and M Yoshikawa and D J Scheeres and O {Barnouin-Jha} and A F Cheng and H Demura and R W Gaskell and N Hirata and H Ikeda and T Kominato and H Miyamoto and A M Nakamura and R Nakamura and S Sasaki and K Uesugi},
  journal={Science},
  volume={312},
  number={5778},
  pages={1330-1334},
  year={2006},
  doi={10.1126/science.1125841},
  url={http://dx.doi.org/10.1126/science.1125841}
}

@ARTICLE{fujiwara1980b,
   author = {{Fujiwara}, A.},
    title = "{On the mechanism of catastrophic destruction of minor planets by high-velocity impact}",
  journal = {Icarus},
 keywords = {Asteroids, Astronomical Models, Destruction, Impact Damage, Spallation, ASTEROIDS, IMPACTS, COLLISIONS, SPALLATION, ENERGY, MASS, SIZE, STRESS, CORES},
     year = 1980,
    month = mar,
   volume = 41,
    pages = {356-364},
      doi = {10.1016/0019-1035(80)90220-1},
   adsurl = {http://adsabs.harvard.edu/abs/1980Icar...41..356F},
  adsnote = {Provided by the SAO/NASA Astrophysics Data System}
}

@article{fujiwara1980,
  title={Experimental study on the velocity of fragments in collisional breakup},
  author={Fujiwara, A. and Tsukamoto, A.},
  journal={Icarus},
  volume={44},
  number={1},
  pages={142--153},
  year={1980},
  publisher={Elsevier}
}

@article{flynn2015,
  title={Hypervelocity cratering and disruption of porous pumice targets: Implications for crater production, catastrophic disruption, and momentum transfer on porous asteroids},
  author={G.~J. Flynn and Daniel D. Durda and Emma B. Patmore and Angela N. Clayton and Sarah J. Jack and Miriam D. Lipman and Melissa M. Strait},
  journal={Planetary and Space Science},
  volume={107},
  pages={64-76},
  year={2015},
  doi={10.1016/j.pss.2014.10.007},
  url={http://dx.doi.org/10.1016/j.pss.2014.10.007}
}

@article{farinella1998,
  title={Meteorite delivery via Yarkovsky orbital drift},
  author={Farinella, P. and Vokrouhlick{\`y}, D. and Hartmann, W.~K.},
  journal={Icarus},
  volume={132},
  number={2},
  pages={378--387},
  year={1998},
  publisher={Elsevier}
}

@article{farinella1994,
  title={Asteroids falling into the Sun},
  author={Farinella, P. and Froeschl{\'e}, Christiane and Froeschl{\'e}, Claude and Gonczi, Robert and Hahn, Gerhard and Morbidelli, Alessandro and Valsecchi, Giovanni B},
  year={1994},
  publisher={Nature Publishing Group}
}

@article{eugster2006,
  title={Irradiation records, cosmic-ray exposure ages, and transfer times of meteorites},
  author={Eugster, O. and Herzog, G.~F. and Marti, K. and Caffee, M.~W.},
  journal={Meteorites and the early solar system II},
  volume={1},
  pages={829--851},
  year={2006},
  publisher={The University of Arizona Press}
}

@ARTICLE{emery2014,
   author = {{Emery}, J.~P. and {Fern{\'a}ndez}, Y.~R. and {Kelley}, M.~S.~P. and 
	{Warden (n{\`e}e Crane)}, K.~T. and {Hergenrother}, C. and {Lauretta}, D.~S. and 
	{Drake}, M.~J. and {Campins}, H. and {Ziffer}, J.},
    title = "{Thermal infrared observations and thermophysical characterization of OSIRIS-REx target asteroid (101955) Bennu}",
  journal = {Icarus},
     year = 2014,
    month = may,
   volume = 234,
    pages = {17-35},
      doi = {10.1016/j.icarus.2014.02.005},
   adsurl = {http://ads.nao.ac.jp/abs/2014Icar..234...17E},
  adsnote = {Provided by the SAO/NASA Astrophysics Data System}
}

@article{durda2011,
  title={Experimental investigation of the impact fragmentation of blocks embedded in regolith},
  author={D.~D. {Durda} and C.~R. {CHAPMAN} and Mark J. {CINTALA} and George J. {FLYNN} and Melissa M. {STRAIT} and Anderson {MINNICK}},
  journal={Meteoritics \& Planetary Science},
  volume={46},
  number={1},
  pages={149-155},
  year={2011},
  doi={10.1111/j.1945-5100.2010.01163.x},
  url={http://dx.doi.org/10.1111/j.1945-5100.2010.01163.x}
}

@ARTICLE{dukes1999,
   author = {{Dukes}, C.~A. and {Baragiola}, R.~A. and {McFadden}, L.~A.},
    title = "{Surface modification of olivine by H$^{+}$ and He$^{+}$ bombardment}",
  journal = {Journal of Geophysical Research},
 keywords = {Planetology: Solar System Objects: Asteroids and meteoroids, Planetology: Comets and Small Bodies: Interactions with solar wind plasma and fields, Mineral Physics: X ray, neutron, and electron spectroscopy and diffraction, Planetology: Solid Surface Planets: Erosion and weathering},
     year = 1999,
    month = jan,
   volume = 104,
    pages = {1865-1872},
      doi = {10.1029/98JE02820},
   adsurl = {http://adsabs.harvard.edu/abs/1999JGR...104.1865D},
  adsnote = {Provided by the SAO/NASA Astrophysics Data System}
}

@article{demeo2014,
  title={Solar System evolution from compositional mapping of the asteroid belt},
  author={F.~E. {DeMeo} and B. Carry},
  journal={Nature},
  volume={505},
  number={7485},
  pages={629-634},
  year={2014},
  publisher={nature},
  doi={10.1038/nature12908},
  url={http://dx.doi.org/10.1038/nature12908}
}

@article{delbo2014,
  title={Thermal fatigue as the origin of regolith on small asteroids},
  author={Delbo, M. and Libourel, Guy and Wilkerson, Justin and Murdoch, Naomi and Michel, Patrick and Ramesh, KT and Ganino, Cl{\'e}ment and Verati, Chrystele and Marchi, Simone},
  journal={Nature},
  volume={508},
  number={7495},
  pages={233--236},
  year={2014},
  publisher={Nature Publishing Group}
}

@article{delbo2009,
  title={Thermal inertia of main belt asteroids smaller than 100km from {IRAS} data},
  author={{Delbo’}, M. and Tanga, P.},
  journal={Planetary and Space Science},
  volume={57},
  pages={259--265},
  year={2009},
  doi={10.1016/j.pss.2008.06.015},
  url={http://dx.doi.org/10.1016/j.pss.2008.06.015}
}

@article{culling1963,
  title={Soil creep and the development of hillside slopes},
  author={Culling, W.~E.~H.},
  journal={The Journal of Geology},
  pages={127--161},
  year={1963},
  publisher={JSTOR}
}

@article{coradini2011,
  title={The surface composition and temperature of asteroid 21 Lutetia as observed by Rosetta/VIRTIS},
  author={Coradini, A. and Capaccioni, F and Erard, S and Arnold, G and De Sanctis, MC and Filacchione, G and Tosi, F and Barucci, MA and Capria, MT and Ammannito, E and others},
  journal={Science},
  volume={334},
  pages={492--494},
  year={2011},
  publisher={American Association for the Advancement of Science}
}

@ARTICLE{colwell2005,
   author = {{Colwell}, J.~E. and {Gulbis}, A.~A.~S. and {Hor{\'a}nyi}, M. and 
	{Robertson}, S.},
    title = "{Dust transport in photoelectron layers and the formation of dust ponds on Eros}",
  journal = {Icarus},
     year = 2005,
    month = may,
   volume = 175,
    pages = {159--169},
      doi = {10.1016/j.icarus.2004.11.001},
   adsurl = {http://ads.nao.ac.jp/abs/2005Icar..175..159C},
  adsnote = {Provided by the SAO/NASA Astrophysics Data System}
}


@article{clark2001,
  title={Space weathering on Eros: Constraints from albedo and spectral measurements of Psyche crater},
  author={B.~E. Clark and P. Lucey and P. Helfenstein and J. F. Bell and C. Peterson and J. Veverka and T. Mcconnochie and M. S. Robinson and B. Bussey and S. L. Murchie and N. I. Izenberg and C. R. Chapman},
  journal={Meteoritics \& Planetary Science},
  volume={36},
  pages={1617--1637},
  year={2001},
  doi={10.1111/j.1945-5100.2001.tb01853.x},
  url={http://dx.doi.org/10.1111/j.1945-5100.2001.tb01853.x}
}

@article{cintala1999,
  title={Ejection-velocity distributions from impacts into coarse-grained sand},
  author={Cintala, M.~J. and Berthoud, L. and H{\"o}rz, F.},
  journal={Meteoritics \& Planetary Science},
  volume={34},
  number={4},
  pages={605--623},
  year={1999},
  publisher={Wiley Online Library}
}

@INPROCEEDINGS{christoffersen2015,
   author = {{Christoffersen}, R. and {Keller}, L.~P.},
    title = "{Solar Ion Processing of Itokawa Grains: Constraints on Surface Exposure Times}",
booktitle = {Lunar. Planet. Sci. Conf.},
     year = 2015,
   volume = 46,
    month = mar,
    pages = {2084},
   adsurl = {http://adsabs.harvard.edu/abs/2015LPI....46.2084C},
  adsnote = {Provided by the SAO/NASA Astrophysics Data System}
}

@article{chapman2004,
  title={{SPACE} {WEATHERING} {OF} {ASTEROID} {SURFACES}},
  author={C.~R. Chapman},
  journal={Earth and Planetary Sciences},
  volume={32},
  pages={539--567},
  year={2004},
  doi={10.1146/annurev.earth.32.101802.120453},
  url={http://dx.doi.org/10.1146/annurev.earth.32.101802.120453}
}

@article{chapman2002,
  title={Impact History of Eros: Craters and Boulders},
  author={C.~R. Chapman and W. J. Merline and Peter C Thomas and Jonathan Joseph and Andrew F Cheng and Noam Izenberg},
  journal={Icarus},
  volume={155},
  pages={104--118},
  year={2002},
  publisher={sciencedirect},
  doi={10.1006/icar.2001.6744},
  url={http://dx.doi.org/10.1006/icar.2001.6744}
}

@inproceedings{chapman1986,
  title={Cratering of planetary satellites},
  author={Chapman, C.~R. and McKinnon, W.~B.},
  booktitle={IAU Colloq. 77: Some Background about Satellites},
  volume={1},
  pages={492--580},
  year={1986}
}

@article{buckingham1914,
  title={On physically similar systems; illustrations of the use of dimensional equations},
  author={Buckingham, E.},
 journal={Physical Review},
  volume={4},
  number={4},
  pages={345--376},
  year={1914}
}

@article{brunetto2006b,
  title={Modeling asteroid surfaces from observations and irradiation experiments: The case of 832 Karin},
  author={Brunetto, R. and Vernazza, Pierre and Marchi, Simone and Birlan, Mirel and Fulchignoni, Marcello and Orofino, Vincenzo and Strazzulla, Giovanni},
  journal={Icarus},
  volume={184},
  number={2},
  pages={327--337},
  year={2006},
  publisher={Elsevier}
}
@article{brunetto2006a,
  title={Space weathering of silicates simulated by nanosecond pulse UV excimer laser},
  author={Brunetto, R. and Romano, F and Blanco, A and Fonti, S and Martino, M and Orofino, V and Verrienti, C},
  journal={Icarus},
  volume={180},
  pages={546--554},
  year={2006},
  publisher={Elsevier}
}

@article{brunetto2005,
  title={Elastic collisions in ion irradiation experiments: A mechanism for space weathering of silicates},
  author={Brunetto, R. and Strazzulla, G.},
  journal={Icarus},
  volume={179},
  pages={265--273},
  year={2005},
  publisher={Elsevier}
}

@article{britt2002,
  title={Asteroid density, porosity, and structure},
  author={Britt, D.~T. and Yeomans, D. and Housen, K. and Consolmagno, G.},
  journal={Asteroids III},
  pages={485--500},
  year={2002}
}

@inproceedings{busemann2015,
  title={New Noble Gas Data and Further Examinations of Dust from Asteroid Itokawa},
  author={Busemann, H. and Meier, MMM and Altmann, F and Alwmark, C and Bajt, S and Beyersdorfer, J and B{\"o}ttger, U and Crowther, SA and Gilmour, JD and Heitmann, U and others},
  booktitle={Lunar and Planetary Science Conference},
  volume={46},
  pages={2113},
  year={2015}
}

@article{bonal2015,
  title={Visible-IR and Raman microspectroscopic investigation of three Itokawa particles collected by Hayabusa: Mineralogy and degree of space weathering based on nondestructive analyses},
  author={Bonal, L. and Brunetto, R and Beck, P and Dartois, E and Dionnet, Z and Djouadi, Z and Duprat, J and F{\"u}ri, E and Kakazu, Y and Montagnac, G and others},
  journal={Meteoritics \& Planetary Science},
  volume={50},
  pages={1562--1576},
  year={2015},
  publisher={Wiley Online Library}
}

@article{bogard1995,
  title={Impact ages of meteorites: A synthesis},
  author={Bogard, D.~D.},
  journal={Meteoritics},
  volume={30},
  pages={244--268},
  year={1995},
  publisher={Wiley Online Library}
}

@article{bottke2006,
  title={The Yarkovsky and {YORP} effects: Implications for asteroid dynamics},
  author={{Bottke Jr.}, {W.~F.} and Vokrouhlick{\'y}, D.},
  journal={Annu. Rev. Earth Planet. Sci.},
  volume={34},
  pages={157--191},
  year={2006}
}

@article{bottke1994,
  title={Velocity distributions among colliding asteroids},
  author={{W.~F.} Bottke and {M.~C.} Nolan and R. Greenberg and {R.~A.} Kolvoord},
  journal={Icarus},
  volume={107},
  number={2},
  pages={255--268},
  year={1994}
}

@article{bottke2005,
  title={The fossilized size distribution of the main asteroid belt},
  author={W.~F. Bottke and Daniel D. Durda and David Nesvorn{\'y} and Robert Jedicke and Alessandro Morbidelli and David Vokrouhlick{\'y} and Hal Levison},
  journal={Icarus},
  volume={175},
  pages={111--140},
  year={2005},
  doi={10.1016/j.icarus.2004.10.026},
  url={http://dx.doi.org/10.1016/j.icarus.2004.10.026}
}

@article{bottke2002,
  title={Debiased Orbital and Absolute Magnitude Distribution of the {Near-Earth} Objects},
  author={W. Bottke},
  journal={Icarus},
  volume={156},
  pages={399--433},
  year={2002},
  publisher={sciencedirect},
  doi={10.1006/icar.2001.6788},
  url={http://dx.doi.org/10.1006/icar.2001.6788}
}

@article{binzel2010,
  title={Earth encounters as the origin of fresh surfaces on near-Earth asteroids},
  author={Binzel, R.~P. and Morbidelli, Alessandro and Merouane, Sihane and DeMeo, Francesca E and Birlan, Mirel and Vernazza, Pierre and Thomas, Cristina A and Rivkin, Andrew S and Bus, Schelte J and Tokunaga, Alan T},
  journal={Nature},
  volume={463},
  pages={331--334},
  year={2010},
  publisher={Nature Publishing Group}
}

@article{binzel2001,
  title={{MUSES‐C} target asteroid (25143) 1998 {SF36:} A reddened ordinary chondrite},
  author={R.~P. {Binzel} and A.~S. {Rivkin} and S.~J. {Bus} and Jessica M. {Sunshine} and T.~H. {Burbine}},
  journal={Meteoritics \& Planetary Science},
  volume={36},
  pages={1167-1172},
  year={2001},
  doi={10.1111/j.1945-5100.2001.tb01950.x},
  url={http://dx.doi.org/10.1111/j.1945-5100.2001.tb01950.x}
}

@inproceedings{basilevsky2015,
  title={Survival Times of Meter-Sized Rock Boulders on the Surface of Airless Bodies},
  author={Basilevsky, A.~T. and Head, J.~W. and Horz, F. and Ramsley, K.},
  booktitle={Lunar. Planet. Sci. Conf.},
  volume={46},
  pages={1440},
  year={2015}
}

@INPROCEEDINGS{basilevsky2014,
   author = {{Basilevsky}, A.~T. and {Head}, J.~W. and {Horz}, F. and {Ramsley}, K.
	},
    title = "{Survival Time of Meter-Sized Rock Boulders on the Surface of Asteroid Itokawa}",
booktitle = {Lunar and Planetary Science Conference},
     year = 2014,
   series = {Lunar and Planetary Science Conference},
   volume = 45,
    month = mar,
    pages = {1688},
   adsurl = {http://adsabs.harvard.edu/abs/2014LPI....45.1688B},
  adsnote = {Provided by the SAO/NASA Astrophysics Data System}
}

@article{basilevsky2013,
  title={Survival times of meter-sized boulders on the surface of the Moon},
  author={Basilevsky, A.~T. and Head, J.~W. and Horz, F.},
  journal={Planetary and Space Science},
  volume={89},
  pages={118--126},
  year={2013},
  publisher={Elsevier}
}

@article{barnouin2008,
  title={Small-scale topography of 25143 Itokawa from the Hayabusa laser altimeter},
  author={O.~S. {Barnouin-Jha} and A.~F. Cheng and Tadashi Mukai and Shinsuke Abe and Naru Hirata and Ryosuke Nakamura and {Robert W} Gaskell and Jun Saito and {Beth E} Clark},
  journal={Icarus},
  volume={198},
  number={1},
  pages={108-124},
  year={2008},
  doi={10.1016/j.icarus.2008.05.026},
  url={http://dx.doi.org/10.1016/j.icarus.2008.05.026}
}

@INPROCEEDINGS{barnouin2011,
   author = {{Barnouin}, O.~S. and {Ernst}, C.~M. and {Crawford}, D.~A. and {Cintala}, M.~J. and {Sugita}, S.},
    title = {Crater formation in pre-existing target structures: Implications for small bodies},
booktitle = {EPSC-DPS Joint Meeting 2011},
     year = 2011,
    month = {oct},
    pages = {1396},
   adsurl = {http://adsabs.harvard.edu/abs/2011epsc.conf.1396B},
}

@inproceedings{barnouin2005,
  title={Impact into coarse grained spheres},
  author={Barnouin-Jha, O.~S. and Cintala, M.~J. and Crawford, D.~A.},
  booktitle={Lunar. Planet. Sci. Conf.},
  volume={36},
  pages={1585},
  year={2005}
}

@inproceedings{barnouin2002,
  title={Investigating the Effects of Shock Duration and Grain Size on Ejecta Excavationand Crater Growth},
  author={Barnouin-Jha, O.~S. and Cintala, M.~J. and Crawford, D.~A.},
  booktitle={Lunar. Planet. Sci. Conf.},
  volume={33},
  pages={1738},
  year={2002}
}

@article{collins2002,
  title={Hydrocode simulations of Chicxulub crater collapse and peak-ring formation},
  author={Collins, {G.~S.} and Melosh, Jay H and Morgan, Jo V and Warner, Mike R},
  journal={Icarus},
  volume={157},
  number={1},
  pages={24-33},
  year={2002},
  publisher={Elsevier}
}

@article{okeefe1999,
  title={Complex craters: Relationship of stratigraphy and rings to impact conditions},
  author={O'Keefe, {J.~D.} and Ahrens, {T.~J.}},
  year={1999},
  journal={Journal of Geophysical Research},
  volume={104},
  number={E11},
  pages={27091--27104},
  doi={10.1029/1998JE000596},
  url={http://dx.doi.org/10.1029/1998JE000596}
}

@INPROCEEDINGS{berger2015,
   author = {{Berger}, E.~L. and {Keller}, L.~P.},
    title = "{Space Weathering of Itokawa Particles: Implications for Regolith Evolution}",
booktitle = {Lunar and Planetary Science Conference},
     year = 2015,
   series = {Lunar and Planetary Inst. Technical Report},
   volume = 46,
    month = mar,
    pages = {2351},
   adsurl = {http://adsabs.harvard.edu/abs/2015LPI....46.2351B},
  adsnote = {Provided by the SAO/NASA Astrophysics Data System}
}

@article{benz1999,
  title={Catastrophic disruptions revisited},
  author={Benz, W. and Asphaug, E.},
  journal={Icarus},
  volume={142},
  number={1},
  pages={5--20},
  year={1999},
  publisher={Elsevier}
}

@article{belton1994,
  title={First images of asteroid 243 Ida},
  author={Belton, {M.~J.~S.} and Chapman, {CR} and Veverka, J and Klaasen, {KP}},
  journal={Science},
  volume={265},
  number={5178},
  pages={1543--1547},
  year={1994},
  doi={10.1126/science.265.5178.1543},
  url={http://dx.doi.org/10.1126/science.265.5178.1543}
}

@article{belton1992,
  title={Galileo encounter with 951 Gaspra: First pictures of an asteroid},
  author={Belton, M.~J.~S. and Veverka, J and Thomas, P and Helfenstein, P and Simonelli, D and Chapman, C and Davies, ME and Greeley, R and Greenberg, R and Head, J and others},
  journal={Science},
  volume={257},
  number={5077},
  pages={1647--1652},
  year={1992},
  publisher={American Association for the Advancement of Science}
}

@article{binzel2004,
  title={Observed spectral properties of near-Earth objects: results for population distribution, source regions, and space weathering processes},
  author={Binzel, R.~P. and Rivkin, Andrew S and Stuart, J Scott and Harris, Alan W and Bus, Schelte J and Burbine, Thomas H},
  journal={Icarus},
  volume={170},
  number={2},
  pages={259-294},
  year={2004},
  publisher={Elsevier}
}

@article{bus2002b,
  title={Phase {II} of the Small {Main-Belt} Asteroid Spectroscopic Survey A {Feature-Based} Taxonomy},
  author={Bus, {S.~J.} and Binzel, {R.~P.}},
  journal={Icarus},
  volume={158},
  number={1},
  pages={146-177},
  year={2002},
  doi={10.1006/icar.2002.6856},
  url={http://dx.doi.org/10.1006/icar.2002.6856}
}

@article{bus2002a,
  title={Phase II of the small main-belt asteroid spectroscopic survey: The observations},
  author={Bus, S.~J. and Binzel, R.~P.},
  journal={Icarus},
  volume={158},
  number={1},
  pages={106--145},
  year={2002},
  publisher={Elsevier}
}
@ARTICLE{bobrovnikoff1929,
   author = {{Bobrovnikoff}, N.~T.},
    title = {The spectra of minor planets},
  journal = {Lick Observatory Bulletin},
 keywords = {ASTEROIDS: SPECTRA},
     year = {1929},
   volume = {14},
    pages = {18-27},
      doi = {10.5479/ADS/bib/1929LicOB.14.18B},
   adsurl = {http://adsabs.harvard.edu/abs/1929LicOB..14...18B},
  adsnote = {Provided by the SAO/NASA Astrophysics Data System}
}

@article{asphaug2009,
  title={Growth and evolution of asteroids},
  author={Asphaug, E.},
  journal={Annual Review of Earth and Planetary Science},
  volume={37},
  pages={413-448},
  year={2009}
}


@article{adams1971,
  title={Alteration of Lunar Optical Properties: Age and Composition Effects},
  author={J.~B. Adams and T.~B. {McCord}},
  journal={Science},
  volume={171},
  year={1971},
  pages={567--571},
  publisher={highwire},
  doi={10.1126/science.171.3971.567},
  url={http://dx.doi.org/10.1126/science.171.3971.567}
}

@article{abe2006,
  title={Mass and Local Topography Measurements of Itokawa by Hayabusa},
  author={S. Abe and T. Mukai and N. Hirata and O S {Barnouin-Jha} and A F Cheng and H Demura and R W Gaskell and T Hashimoto and K Hiraoka and T Honda and T Kubota and M Matsuoka and T Mizuno and R Nakamura and D J Scheeres and M Yoshikawa},
  journal={Science},
  volume={312},
  number={5778},
  pages={1344-1347},
  year={2006},
  doi={10.1126/science.1126272},
  url={http://dx.doi.org/10.1126/science.1126272}
}
